@article{aggarwal2018influence,
  title={Influence of TP53 mutation on survival in patients with advanced EGFR-mutant non--small-cell lung cancer},
  author={Aggarwal, Charu and Davis, Christiana W and Mick, Rosemarie and Thompson, Jeffrey C and Ahmed, Saman and Jeffries, Seth and Bagley, Stephen and Gabriel, Peter and Evans, Tracey L and Bauml, Joshua M and others},
  journal={JCO precision oncology},
  year={2018},
  publisher={American Society of Clinical Oncology}
}

@article{assmann2000subgroup,
  title={Subgroup analysis and other (mis) uses of baseline data in clinical trials},
  author={Assmann, Susan F and Pocock, Stuart J and Enos, Laura E and Kasten, Linda E},
  journal={The Lancet},
  volume={355},
  number={9209},
  pages={1064--1069},
  year={2000},
  publisher={Elsevier}
}

@article{athey2016recursive,
  title={Recursive partitioning for heterogeneous causal effects},
  author={Athey, Susan and Imbens, Guido},
  journal={Proceedings of the National Academy of Sciences},
  volume={113},
  number={27},
  pages={7353--7360},
  year={2016},
  publisher={National Acad Sciences}
}

@article{athey2019generalized,
  title={Generalized random forests},
  author={Athey, Susan and Tibshirani, Julie and Wager, Stefan and others},
  journal={The Annals of Statistics},
  volume={47},
  number={2},
  pages={1148--1178},
  year={2019},
  publisher={Institute of Mathematical Statistics}
}

@article{benjamini2008screening,
  title={Screening for partial conjunction hypotheses},
  author={Benjamini, Yoav and Heller, Ruth},
  journal={Biometrics},
  volume={64},
  number={4},
  pages={1215--1222},
  year={2008},
  publisher={Wiley Online Library}
}

@article{breiman2001random,
  title={Random forests},
  author={Breiman, Leo},
  journal={Machine learning},
  volume={45},
  number={1},
  pages={5--32},
  year={2001},
  publisher={Springer}
}

@techreport{chernozhukov2018generic,
  title={Generic machine learning inference on heterogenous treatment effects in randomized experiments},
  author={Chernozhukov, Victor and Demirer, Mert and Duflo, Esther and Fernandez-Val, Ivan},
  year={2018},
  institution={National Bureau of Economic Research}
}

@article{chipman2010bart,
  title={BART: Bayesian additive regression trees},
  author={Chipman, Hugh A and George, Edward I and McCulloch, Robert E and others},
  journal={The Annals of Applied Statistics},
  volume={4},
  number={1},
  pages={266--298},
  year={2010},
  publisher={Institute of Mathematical Statistics}
}
@article{cook2004subgroup,
  title={Subgroup analysis in clinical trials},
  author={Cook, David I and Gebski, Val J and Keech, Anthony C},
  journal={Medical Journal of Australia},
  volume={180},
  number={6},
  pages={289},
  year={2004},
  publisher={Australasian Medical Publishing Company Proprietary, Ltd.}
}

@article{dasgupta2014risk,
  title={Risk estimation using probability machines},
  author={Dasgupta, Abhijit and Szymczak, Silke and Moore, Jason H and Bailey-Wilson, Joan E and Malley, James D},
  journal={BioData mining},
  volume={7},
  number={1},
  pages={2},
  year={2014},
  publisher={BioMed Central}
}

@article{foster2011subgroup,
  title={Subgroup identification from randomized clinical trial data},
  author={Foster, Jared C and Taylor, Jeremy MG and Ruberg, Stephen J},
  journal={Statistics in medicine},
  volume={30},
  number={24},
  pages={2867--2880},
  year={2011},
  publisher={Wiley Online Library}
}

@article{gail1985testing,
  title={Testing for qualitative interactions between treatment effects and patient subsets},
  author={Gail, M and Simon, R},
  journal={Biometrics},
  pages={361--372},
  year={1985},
  publisher={JSTOR}
}

@article{green2012modeling,
  title={Modeling heterogeneous treatment effects in survey experiments with Bayesian additive regression trees},
  author={Green, Donald P and Kern, Holger L},
  journal={Public opinion quarterly},
  volume={76},
  number={3},
  pages={491--511},
  year={2012},
  publisher={Oxford University Press UK}
}

@inproceedings{gretton2005measuring,
  title={Measuring statistical dependence with Hilbert-Schmidt norms},
  author={Gretton, Arthur and Bousquet, Olivier and Smola, Alex and Sch{\"o}lkopf, Bernhard},
  booktitle={International conference on algorithmic learning theory},
  pages={63--77},
  year={2005},
  organization={Springer}
}

@article{hill2011bayesian,
  title={Bayesian nonparametric modeling for causal inference},
  author={Hill, Jennifer L},
  journal={Journal of Computational and Graphical Statistics},
  volume={20},
  number={1},
  pages={217--240},
  year={2011},
  publisher={Taylor \& Francis}
}

@article{hill2013assessing,
  title={Assessing lack of common support in causal inference using Bayesian nonparametrics: Implications for evaluating the effect of breastfeeding on children's cognitive outcomes},
  author={Hill, Jennifer and Su, Yu-Sung},
  journal={The Annals of Applied Statistics},
  pages={1386--1420},
  year={2013},
  publisher={JSTOR}
}

@article{imai2013estimating,
  title={Estimating treatment effect heterogeneity in randomized program evaluation},
  author={Imai, Kosuke and Ratkovic, Marc and others},
  journal={The Annals of Applied Statistics},
  volume={7},
  number={1},
  pages={443--470},
  year={2013},
  publisher={Institute of Mathematical Statistics}
}

@inproceedings{johansson2016learning,
  title={Learning representations for counterfactual inference},
  author={Johansson, Fredrik and Shalit, Uri and Sontag, David},
  booktitle={International conference on machine learning},
  pages={3020--3029},
  year={2016}
}

@article{kunzel2019metalearners,
  title={Metalearners for estimating heterogeneous treatment effects using machine learning},
  author={K{\"u}nzel, S{\"o}ren R and Sekhon, Jasjeet S and Bickel, Peter J and Yu, Bin},
  journal={Proceedings of the national academy of sciences},
  volume={116},
  number={10},
  pages={4156--4165},
  year={2019},
  publisher={National Acad Sciences}
}

@article{lu2018estimating,
  title={Estimating individual treatment effect in observational data using random forest methods},
  author={Lu, Min and Sadiq, Saad and Feaster, Daniel J and Ishwaran, Hemant},
  journal={Journal of Computational and Graphical Statistics},
  volume={27},
  number={1},
  pages={209--219},
  year={2018},
  publisher={Taylor \& Francis}
}

@article{neeland2018cardiovascular,
  title={Cardiovascular and metabolic heterogeneity of obesity: clinical challenges and implications for management},
  author={Neeland, Ian J and Poirier, Paul and Despr{\'e}s, Jean-Pierre},
  journal={Circulation},
  volume={137},
  number={13},
  pages={1391--1406},
  year={2018},
  publisher={Am Heart Assoc}
}

@article{nie2017quasi,
  title={Quasi-oracle estimation of heterogeneous treatment effects},
  author={Nie, Xinkun and Wager, Stefan},
  journal={arXiv preprint arXiv:1712.04912},
  year={2017}
}

@article{o2018cystic,
  title={Cystic fibrosis disease modifiers: complex genetics defines the phenotypic diversity in a monogenic disease},
  author={O'Neal, Wanda K and Knowles, Michael R},
  journal={Annual review of genomics and human genetics},
  volume={19},
  pages={201--222},
  year={2018},
  publisher={Annual Reviews}
}

@article{powers2017some,
  title={Some methods for heterogeneous treatment effect estimation in high-dimensions},
  author={Powers, Scott and Qian, Junyang and Jung, Kenneth and Schuler, Alejandro and Shah, Nigam H and Hastie, Trevor and Tibshirani, Robert},
  journal={arXiv preprint arXiv:1707.00102},
  year={2017}
}

@article{rubin2005causal,
  title={Causal inference using potential outcomes: Design, modeling, decisions},
  author={Rubin, Donald B},
  journal={Journal of the American Statistical Association},
  volume={100},
  number={469},
  pages={322--331},
  year={2005},
  publisher={Taylor \& Francis}
}

@article{schuler2018comparison,
  title={A comparison of methods for model selection when estimating individual treatment effects},
  author={Schuler, Alejandro and Baiocchi, Michael and Tibshirani, Robert and Shah, Nigam},
  journal={arXiv preprint arXiv:1804.05146},
  year={2018}
}

@article{simes1986improved,
  title={An improved Bonferroni procedure for multiple tests of significance},
  author={Simes, R John},
  journal={Biometrika},
  volume={73},
  number={3},
  pages={751--754},
  year={1986},
  publisher={Oxford University Press}
}

@article{su2009subgroup,
  title={Subgroup analysis via recursive partitioning},
  author={Su, Xiaogang and Tsai, Chih-Ling and Wang, Hansheng and Nickerson, David M and Li, Bogong},
  journal={Journal of Machine Learning Research},
  volume={10},
  number={Feb},
  pages={141--158},
  year={2009}
}

@article{su2011interaction,
  title={Interaction trees: exploring the differential effects of an intervention programme for breast cancer survivors},
  author={Su, Xiaogang and Meneses, Karen and McNees, Patrick and Johnson, Wesley O},
  journal={Journal of the Royal Statistical Society: Series C (Applied Statistics)},
  volume={60},
  number={3},
  pages={457--474},
  year={2011},
  publisher={Wiley Online Library}
}

@article{szekely2007measuring,
  title={Measuring and testing dependence by correlation of distances},
  author={Sz{\'e}kely, G{\'a}bor J and Rizzo, Maria L and Bakirov, Nail K and others},
  journal={The annals of statistics},
  volume={35},
  number={6},
  pages={2769--2794},
  year={2007},
  publisher={Institute of Mathematical Statistics}
}

@article{tian2014simple,
  title={A simple method for estimating interactions between a treatment and a large number of covariates},
  author={Tian, Lu and Alizadeh, Ash A and Gentles, Andrew J and Tibshirani, Robert},
  journal={Journal of the American Statistical Association},
  volume={109},
  number={508},
  pages={1517--1532},
  year={2014},
  publisher={Taylor \& Francis}
}

@article{tibshirani2018package,
  title={Package ‘grf’},
  author={Tibshirani, Julie and Athey, Susan and Wager, Stefan and Friedberg, Rina and Miner, Luke and Wright, Marvin and Tibshirani, Maintainer Julie and Rcpp, LinkingTo and DiceKriging, RcppEigen Imports and SystemRequirements, GNU},
  year={2018}
}

@article{vanderlaan2017mutations,
  title={Mutations in TP53, PIK3CA, PTEN and other genes in EGFR mutated lung cancers: Correlation with clinical outcomes},
  author={VanderLaan, Paul A and Rangachari, Deepa and Mockus, Susan M and Spotlow, Vanessa and Reddi, Honey V and Malcolm, Joan and Huberman, Mark S and Joseph, Loren J and Kobayashi, Susumu S and Costa, Daniel B},
  journal={Lung Cancer},
  volume={106},
  pages={17--21},
  year={2017},
  publisher={Elsevier}
}

@article{wager2018estimation,
  title={Estimation and inference of heterogeneous treatment effects using random forests},
  author={Wager, Stefan and Athey, Susan},
  journal={Journal of the American Statistical Association},
  volume={113},
  number={523},
  pages={1228--1242},
  year={2018},
  publisher={Taylor \& Francis}
}

@article{yang2015effects,
  title={The effects of psychological stress on depression},
  author={Yang, Longfei and Zhao, Yinghao and Wang, Yicun and Liu, Lei and Zhang, Xingyi and Li, Bingjin and Cui, Ranji},
  journal={Current neuropharmacology},
  volume={13},
  number={4},
  pages={494--504},
  year={2015},
  publisher={Bentham Science Publishers}
}

@article{yin2019integrating,
  title={Integrating Clinical Data and Imputed Transcriptome from GWAS to Uncover Complex Disease Subtypes: Applications in Psychiatry and Cardiology},
  author={Yin, Liangying and Chau, Carlos KL and Sham, Pak-Chung and So, Hon-Cheong},
  journal={The American Journal of Human Genetics},
  volume={105},
  number={6},
  pages={1193--1212},
  year={2019},
  publisher={Elsevier}
}

@article{datta2007predicting,
  title={Predicting patient survival from microarray data by accelerated failure time modeling using partial least squares and LASSO},
  author={Datta, Susmita and Le-Rademacher, Jennifer and Datta, Somnath},
  journal={Biometrics},
  volume={63},
  number={1},
  pages={259--271},
  year={2007},
  publisher={Wiley Online Library}
}

@article{fisher2013cancer,
  title={Cancer heterogeneity: implications for targeted therapeutics},
  author={Fisher, R and Pusztai, L and Swanton, C},
  journal={British journal of cancer},
  volume={108},
  number={3},
  pages={479--485},
  year={2013},
  publisher={Nature Publishing Group}
}