@article{zhao2018drug,
  title={Drug repositioning for schizophrenia and depression/anxiety disorders: A machine learning approach leveraging expression data},
  author={Zhao, Kai and So, Hon-Cheong},
  journal={IEEE journal of biomedical and health informatics},
  volume={23},
  number={3},
  pages={1304--1315},
  year={2018},
  publisher={IEEE}
}

@incollection{zhao2019using,
  title={Using Drug Expression Profiles and Machine Learning Approach for Drug Repurposing},
  author={Zhao, Kai and So, Hon-Cheong},
  booktitle={Computational Methods for Drug Repurposing},
  pages={219--237},
  year={2019},
  publisher={Springer}
}
